<?xml version="1.0" encoding="UTF-8"?><record xmlns="http://www.loc.gov/MARC21/slim" xmlns:cinclude="http://apache.org/cocoon/include/1.0" xmlns:zs="http://www.loc.gov/zing/srw/">
  <leader>00426nz  a2200121n  4500</leader>
  <controlfield tag="001">n  91018132 </controlfield>
  <controlfield tag="003">DLC</controlfield>
  <controlfield tag="005">19910221122658.5</controlfield>
  <controlfield tag="008">910221n| acannaab|          |n aaa ||| c</controlfield>
  <datafield tag="010" ind1=" " ind2=" ">
    <subfield code="a">n  91018132 </subfield>
  </datafield>
  <datafield tag="040" ind1=" " ind2=" ">
    <subfield code="a">CU</subfield>
    <subfield code="c">CU</subfield>
  </datafield>
  <datafield tag="100" ind1="1" ind2="0">
    <subfield code="a">Durbán, Miguel</subfield>
  </datafield>
  <datafield tag="670" ind1=" " ind2=" ">
    <subfield code="a">His Movilidad metropolitana, 1982:</subfield>
    <subfield code="b">prelim. p. 3 (Miguel Durbán; Sección de Infraestructuras, Comisión de Planeamiento y Coordinación del Area Metropolitana de Madrid)</subfield>
  </datafield>
</record>